<?xml version="1.0" encoding="UTF-8"?><collection xmlns="http://www.loc.gov/MARC21/slim"><record><leader>00472nam--2200121-i-4500</leader><controlfield tag="001">000032001</controlfield><controlfield tag="002">20161230</controlfield><controlfield tag="005">20161230201038</controlfield><controlfield tag="008">060222s1000------------r-----000-0-eng-d</controlfield><datafield ind1=" " ind2=" " tag="080"><subfield code="a">577.391</subfield></datafield><datafield ind1=" " ind2=" " tag="245"><subfield code="a">Les maladies du metabolisme des porphyrines etudiees a l`aide des indicateurs nucleaires des radiations et de diverses methodes experimentales. 2-e colloque international de biologie de saclay</subfield></datafield><datafield ind1=" " ind2=" " tag="260"><subfield code="a">Saclay, Centre D`Etudes Nucleaires, 1962. Viii+312p</subfield></datafield><datafield ind1=" " ind2=" " tag="852"><subfield code="a">25768</subfield></datafield></record></collection>